<record><leader>00000cas a2200000 a 4500</leader><controlfield tag="001">17331486</controlfield><controlfield tag="008">880111c19869999wauwr ne      0    0eng d</controlfield><datafield ind1=" " ind2=" " tag="010"><subfield code="a">sn 88085133 </subfield></datafield><datafield ind1=" " ind2=" " tag="040"><subfield code="a">SLZ</subfield><subfield code="b">eng</subfield><subfield code="c">SLZ</subfield><subfield code="d">OCL</subfield><subfield code="d">OCLCQ</subfield><subfield code="d">OCLCF</subfield><subfield code="d">OCLCO</subfield></datafield><datafield ind1="1" ind2=" " tag="029"><subfield code="a">AU@</subfield><subfield code="b">000020499603</subfield></datafield><datafield ind1=" " ind2=" " tag="042"><subfield code="a">msc</subfield></datafield><datafield ind1=" " ind2=" " tag="043"><subfield code="a">n-us-wa</subfield></datafield><datafield ind1="0" ind2="4" tag="245"><subfield code="a">The South Pierce County dispatch.</subfield></datafield><datafield ind1=" " ind2=" " tag="260"><subfield code="a">Eatonville, Wash. :</subfield><subfield code="b">The Dispatch</subfield></datafield><datafield ind1=" " ind2=" " tag="300"><subfield code="a">v.</subfield></datafield><datafield ind1=" " ind2=" " tag="310"><subfield code="a">Weekly</subfield></datafield><datafield ind1="0" ind2=" " tag="362"><subfield code="a">Vol. 93, no. 46, (Nov. 12, 1986)-</subfield></datafield><datafield ind1=" " ind2=" " tag="500"><subfield code="a">"Alder, Ashford, Eatonville, Elbe, Graham, La Grande, McKenna, Roy, Spanaway,"</subfield></datafield><datafield ind1=" " ind2="0" tag="651"><subfield code="a">Eatonville (Wash.)</subfield><subfield code="v">Newspapers.</subfield></datafield><datafield ind1=" " ind2="7" tag="655"><subfield code="a">Newspapers.</subfield><subfield code="2">fast</subfield><subfield code="0">(OCoLC)fst01423814</subfield></datafield><datafield ind1=" " ind2="7" tag="651"><subfield code="a">Washington (State)</subfield><subfield code="z">Eatonville.</subfield><subfield code="2">fast</subfield><subfield code="0">(OCoLC)fst01290273</subfield></datafield><datafield ind1=" " ind2=" " tag="752"><subfield code="a">United States</subfield><subfield code="b">Washington</subfield><subfield code="c">Pierce</subfield><subfield code="d">Eatonville.</subfield></datafield><datafield ind1="0" ind2="0" tag="780"><subfield code="t">Dispatch (Eatonville, Wash.)</subfield><subfield code="w">(DLC)sn 83004618</subfield></datafield></record>